@techreport{ictc2019:blockchain,
  author = {Hamoni, R. and  McLaughlin, R. and Rice, F.},
  title = {Building Canadian Consensus: Our Maturing Blockchain Ecosystem},
  year = {2019},
  month = {November},
  institution = {Information and Communications Technology Council (ICTC)},
  address = {Ottawa, Canada},
  url = {https://www.ictc-ctic.ca/wp-content/uploads/2019/12/canada-blockchain-ecosystem-2019.pdf}
}
@article{hbr2014:collectivegenius,
  author = {Hill, Linda A. and Brandeau, Greg and Truelove, Emilie and Lineback, Kent},
  title = {Collective Genius},
  year = {2014},
  month = {June},
  journal = {Harvard Business Review},
  url = {https://hbr.org/2014/06/collective-genius}
}

