@misc{vbuterin2017:prehistory,
	author = {Vitalik Buterin},
	year = {2017},
	month = {September},
	day = {14},
	title = {A {P}rehistory of the {E}thereum {P}rotocol},
	url = {https://vitalik.ca/general/2017/09/14/prehistory.html}
}
@misc{ethinfographic,
    author = {{Invezz}},
    title = "Infographic: the story of {E}thereum",
    year = {2017},
    url = "https://cdn4.benzinga.com/files/images/2017/July/05/invezz-eth-history-base.jpg"
}

