@misc{ethinfographic,
    author = {{Invezz}},
    title = "Infographic: the story of {E}thereum",
    year = {2017},
    url = "https://cdn4.benzinga.com/files/images/2017/July/05/invezz-eth-history-base.jpg"
}
@misc{coindesk:eth-price,
    author = {{Coindesk}},
    title = {{Ethereum (ETH) Price}},
    year = {2017},
    url = "https://www.coindesk.com/ethereum-price/"
}
@article{afri:chaindatasize,
    author = {Afri},
    title = "The {E}thereum-blockchain size will not exceed 1{TB} anytime soon",
    year = {2017},
    month = {December},
    day = {17},
    url = "https://dev.to/5chdn/the-ethereum-blockchain-size-will-not-exceed-1tb-anytime-soon-58a"
}
@misc{daniel:chaindatasize,
    author = {Daniel},
    year = {2017},
    month = {December},
    url = "http://bc.daniel.net.nz"
}
@misc{etherscan:chaindatasize,
    author = {Etherscan},
    title = {Ethereum {C}hain{D}ata {S}ize ({G}eth with fast sync)},
    year = {2017},
    month = {December},
    url = "https://etherscan.io/chart2/chaindatasizefast"
}
@misc{reddit:chaindatasize,
    author = {Reddit},
    title = {Ethereum Blockchain Size...we have a problem},
    year = {2017},
    month = {November},
    url = "https://www.reddit.com/r/ethtrader/comments/7axn5g/ethereum_blockchain_sizewe_have_a_problem/"
}

