@article{outlier:tokenisation,
	author = "{Outlier Ventures}",
	title ="Token Ecosystem Creation: A strategic process to architect and engineer viable token economies",
	date = "2018",
	url = "https://outlierventures.io/wp-content/uploads/2018/10/Token-Ecosystem-Creation-Outlier-Ventures-PDF.pdf"
}
@article{thetokenist2019:jpmorgangold,
	author = "Time Fries",
	journal = "The Tokenist",
	title = "JPMorgan To Tokenize Gold Bars",
	date = "2018",
	url = "https://thetokenist.io/jpmorgan-to-tokenize-gold-bars/"
}
@article{latoken2017:gold,
	author = {{LATOKEN}},
	title = "{LAToken} Partnered with {MyGold} to start Tokenizing Commodities",
	date = "2017-08-20",
	url = "https://blog.latoken.com/latoken-partnered-with-mygold-to-start-tokenizing-commodities-6a1f7dfce042"
}
@misc{psuebf200,
	author = "Barry Posner",
	title = "A Desert Island Economy (part of {EBF200}: Introduction to Energy and Earth Sciences Economics, at {PennState})",
	date = "2018",
	url = "https://www.e-education.psu.edu/ebf200/node/191"
}
@article{goldin2017:podcast,
	author = "Rhys Lindmark",
	title = "\#18 {M}ike {G}oldin, {AdC}hain: {T}oken-{C}urated {R}egistries, An Emerging Cryptoeconomic Primitive",
	date = "2017-11-09",
	url = "https://medium.com/@RhysLindmark/18-mike-goldin-adchain-token-curated-registries-an-emerging-cryptoeconomic-primitive-682b442a7822"
}
@article{cointelegraph:hsbc-2018,
	author = "William Suberg",
	title = "Banking Giant HSBC’s Blockchain Platform Processed \$250 Billion in Forex in 2018",
	year = "2019",
	month = "Janvier",
	day = "14",
	url = "https://cointelegraph.com/news/banking-giant-hsbcs-blockchain-platform-processed-250-billion-in-forex-in-2018"
}
@article{sarb2018:khokha-report,
	author = "SARB",
	year = "2018",
	month = "Juin",
	title = "Project Khokha",
	url = "https://www.resbank.co.za/Lists/News\%20and\%20Publications/Attachments/8491/SARB_ProjectKhokha\%2020180605.pdf"
}
@article{bitcoinafrica2018:khokha-best-regtech,
	author = "Tashi Odingo",
	title = "“Best Distributed Ledger Initiative” Awarded to South African Reserve Bank for Project Khokha",
	year = "2018",
	month = "Septembre",
	day = "7",
	url ="https://bitcoinafrica.io/2018/09/07/best-distributed-ledger-initiative-awarded-to-south-african-reserve-bank-for-project-khokha/"
}
@article{farmtario2019:corn,
	author = "John Greig",
	title = "Ontario farmers make first blockchain system corn sale",
	year = "2019",
	month = "Janvier",
	day = "18",
	url = "https://farmtario.com/crops/ontario-farmers-make-first-blockchain-system-corn-sale/"
}
@article{mccarthy-tetrault2018:openlaw,
	author = "Ana Badour and Ian Mak",
	title = "McCarthy Tétrault and OpenLaw collaborate on loan agreement smart contract project powered by Ethereum blockchain",
	year = "2018",
	month = "Juillet",
	day = "17",
	url = "https://www.mccarthy.ca/en/about/news-and-announcements/mccarthy-tetrault-and-openlaw-collaborate-loan-agreement-smart-contract-project-powered-ethereum-blockchain"
}
@misc{ssimeetup201902:atb-slides,
	author = "Mike Brown",
	title = "A banking approach to decentralized identity and building a credential ecosystem",
	year = "2019",
	month = "Janvier",
	url = "https://www.slideshare.net/SSIMeetup/a-banking-approach-to-decentralized-identity-and-building-a-credential-ecosystem-mike-brown"
}
@misc{cnn2018:viant-meridio,
	author = "CNN",
	title = "What is Blockchain?",
	year = "2018",
	url = "https://edition.cnn.com/videos/cnnmoney/2018/05/11/blockchain-database-cryptocurrency-viant-pangea-sebastian.cnn"
}
@misc{bicoinmarket201808:top10-ico,
	author = "Alex Lielacher",
	title = "Top 10 Biggest ICOs (by Amount Raised)",
	date = "2018-08-01",
	journal = "Bitcoin Market Journal",
	url = "https://www.bitcoinmarketjournal.com/biggest-icos/"
}
@misc{pollock2018:ico-rollercoaster,
	author = "Darryn Pollock",
	title = "From \$2.9 Billion in a Month to Hundreds Dead: Trends of the Rollercoaster ICO Market in 18 Months",
	date = "2018-07-07",
	journal = "Cointelegraph",
	url = "https://cointelegraph.com/news/from-2-9-billion-in-a-month-to-hundreds-dead-trends-of-the-rollercoaster-ico-market-in-18-months"
}
@misc{coindesk2018:levistrauss,
	author = "Yogita Khatri",
	title = "Levi Strauss, Harvard Trial Ethereum Tech to Track Factory Workers’ Welfare",
	date = "2019-01-25",
	journal = "Coindesk",
	url = "https://www.coindesk.com/levi-strauss-harvard-trial-ethereum-tech-to-track-factory-workers-welfare"
}
@misc{zukerman2018:walmart-blockchain,
	author = "Molly Jane Zuckerman",
	title = "Walmart, IBM Blockchain Initiative Aims to Track Global Food Supply Chain",
	date = "2018-06-28",
	journal = "Cointelegraph",
	url = "https://cointelegraph.com/news/walmart-ibm-blockchain-initiative-aims-to-track-global-food-supply-chain"
}
@misc{consensys2018:halasystems,
	author = "ConsenSys Social Impact",
	title = "Holding War Criminals Accountable with the Ethereum Blockchain",
	date = "2018-09-18",
	url = "https://media.consensys.net/holding-war-criminals-accountable-with-the-ethereum-blockchain-6b12471a7cdd"
}

