@misc{intel2014:FLOSS,
	author = "Intel",
	title = "Open Source Basics",
	year = "2014",
	url = "https://www.youtube.com/watch?v=Tyd0FO0tko8"
}
@misc{eghbal2016,
	author = "Nadia Eghbal",
	title = "Roads and Bridges: The Unseen Labor Behind Our Digital Infrastructure",
	year = "2016",
	month = "July",
	day = "14",
	url = "https://www.fordfoundation.org/library/reports-and-studies/roads-and-bridges-the-unseen-labor-behind-our-digital-infrastructure/"
}
@mic{eghbal:funding,
	author = "Nadia Eghbal",
	title = "A handy guide to financial support for open source",
	year = "2018",
	url = "https://github.com/nayafia/lemonade-stand"
}
@misc{dicosmo:achieving-impact,
	author = "Roberto {Di Cosmo}",
	title = "Achieving Impact with Open Source Software",
	year = "2015",
	url = "https://www.slideshare.net/robertodicosmo3/achieving-impact-with-open-source-software"
}
@misc{colliderx,
	author = {{ColliderX}},
	year = "2018",
	url = "https://www.collider-x.org"
}
@misc{worldbank,
	author = {{World Bank}},
	title = {{World GDP per capita}},
	year = "2017",
	url = "http://data.worldbank.org/indicator/NY.GDP.PCAP.CD?end=2015&start=1960"
}
@book{schwab2016,
	author = "Klaus Schwab",
	title = "The Fourth Industrial Revolution",
	publisher = "World Economic Forum",
	year = "2016",
	address = "Geneva"
}
@misc{ciscoVAT2013,
	author = "Cisco",
	title = "Internet of {E}verything {V}alue at {S}take for {C}anada",
	year = "2013",
	url = "http://ioeassessment.cisco.com/explore/full#/country/can"
}
@misc{aitam,
	author = "{Transparency Market Research}",
	title = "Artificial Intelligence Market to Reach US\$ 3,061.35 bn by 2024",
	year = "2016",
	month = "March",
	day = "7",
	url = "https://www.prnewswire.com/news-releases/artificial-intelligence-market-to-reach-us-306135-bn-by-2024-deployment-in-disruptive-technologies-drives-growth-transparency-market-research-571268401.html"
}
@misc{blockchaintam,
	author = "{Transparency Market Research}",
	title = "Worldwide Blockchain Technology Market is Anticipated to Exhibit a CAGR of 58.7\% Between 2016 and 2024",
	year = "2017",
	month = "January",
	day = "18",
	url = "https://www.prnewswire.com/news-releases/worldwide-blockchain-technology-market-is-anticipated-to-exhibit-a-cagr-of-587-between-2016-and-2024-elimination-of-third-parties-improves-demand-and-security-of-online-transactions--tmr-611067345.html"
}


