@misc{odoosa,
	url = "https://www.odoo.com",
	author = {{Odoo SA}},
	title = {{Odoo Website}},
	year = "2017"
}
@misc{oca,
	url = "https://odoo-community.org",
	title = "Odoo {C}ommunity {A}ssociation ({OCA})",
	author = {{OCA}},
	year = "2017"
}
@misc{ocagithub,
	url = "https://github.com/OCA",
	title = "{OCA}'s Modules on GitHub",
	author = {{OCA}},
	year = "2017"
}
@misc{ocaappsonodoo,
	url = "https://www.odoo.com/apps/modules?author=Odoo\%20Community\%20Association\%20(OCA)",
	title = "{OCA}'s section on Odoo.com",
	author = {{OCA}},
	year = "2017"
}
@misc{bidoul2017pypi,
	url = "https://twitter.com/SBidoul/status/854312877154607104",
	author = "St√©phane Bidoul",
	title = "2120 {OCA} modules on PyPi",
	year = "2017",
	month = "April",
	day = "18"
}
@misc{odoosatraining,
	url = "https://odoo.thinkific.com/courses/odoo-functional",
	author = "Pascal Bohon",
	title = {{Odoo Functional Training}},
	year = "2017"
}
@misc{oreillysafari,
	url = "https://http://my.safaribooksonline.com",
	author = {{O'Reilly}},
	title = {{O'Reilly Safari}},
	year = "2017"
}

