@misc{basis:whitepaper,
    author = "Nader Al-Naji and Josh Chen and Lawrence Diao",
    date = "2017-06-20",
    title = "Basis: A Price-Stable Cryptocurrency with an Algorithmic Central Bank",
    url = "https://www.basis.io/basis_whitepaper_en.pdf"
}
@article{coindesk20171013:basecoin,
    author = "Pete Rizzo",
    journal = "Coindesk",
    date = "2017-10-13",
    title = "Basecoin Revealed: A16z, MetaStable Seek Crypto Holy Grail With Stable Token",
    url = "https://www.coindesk.com/basecoin-revealed-a16z-metastable-seek-crypto-holy-grail-stable-token"
}
@article{alyzesam2019:completeguidestablecoins,
    author = "Alyze Sam",
    date = "2019-10-07",
    title = "The complete guide to stablecoins in 2019",
    url = "https://hackernoon.com/2019-complete-stablecoin-guide-0n9es3zab"
}
@misc{lagarde2017,
    author = "Christine Lagarde",
    date = "2017-09-29",
    title = "Central Banking and Fintech—A Brave New World?",
    url = "https://www.imf.org/en/News/Articles/2017/09/28/sp092917-central-banking-and-fintech-a-brave-new-world"
}
@misc{imf2018:cbdc,
    author = "IMF",
    date = "2018-11-12",
    title = "Casting Light on Central Bank Digital Currencies",
    url = "https://www.imf.org/en/Publications/Staff-Discussion-Notes/Issues/2018/11/13/Casting-Light-on-Central-Bank-Digital-Currencies-46233"
}
@article{financialpost2019:bankofcandacrypto,
    author = "Zane Schwartz",
    date = "2019-10-05",
    journal = "Financial Post",
    title = "Bank of Canada exploring digital currency that would replace cash, track how people spend money",
    url = "https://business.financialpost.com/technology/blockchain/bank-of-canada-exploring-digital-currency-that-would-replace-cash-track-how-people-spend-money"
}
@article{financialpost2020:bankofcandacrypto,
    author = "Eric Hertzberg",
    date = "2020-02-25",
    journal = "Financial Post",
    title = "Bank of Canada lays groundwork for digital currency",
    url = "https://business.financialpost.com/technology/blockchain/bank-of-canada-lays-groundwork-for-digital-currency"
}
@article{nytimes2019:china-crypto,
    author = "Raymond Zhong",
    date = "2019-10-18",
    title = "China’s Cryptocurrency Plan Has a Powerful Partner: Big Brother",
    journal = "New York Times",
    url = "https://www.nytimes.com/2019/10/18/technology/china-cryptocurrency-facebook-libra.html"
}
@article{forbes201908:chinacrypto,
    author = "Michael Del Castillo",
    title = "Alibaba, Tencent, Five Others To Receive First Chinese Government Cryptocurrency",
    date = "2019-08-27",
    journal = "Forbes",
    url = "https://www.forbes.com/sites/michaeldelcastillo/2019/08/27/alibaba-tencent-five-others-to-recieve-first-chinese-government-cryptocurrency/#1fb606111a51"
}
@article{cointelegraph:bis,
  author = "Adrian Zmudzinski",
  title = "Six major central banks to collaborate on digital currency research",
  date = "2020-01-21",
  journal = "Coin Telegraph",
  url = "https://cointelegraph.com/news/six-major-central-banks-to-collaborate-on-digital-currency-research"
}

