@misc{deloitte2016:blockchain:loyalty,
    author = "Deloitte",
    year = "2016",
    title = "Making blockchain real for customer loyalty rewards programs",
    url = "https://www2.deloitte.com/us/en/pages/financial-services/articles/making-blockchain-real-customer-loyalty-rewards-programs.html"
}
@misc{loyaltyone2018:blockchain,
    author = "LoyaltyOne",
    year = "2018",
    title = "Linking Loyalty: Blockchain Principles and Loyalty Potential",
    url = "https://www.loyalty.com/home/insights/article-details/linking-loyalty-blockchain-principles-and-loyalty-potential"
}
@article{tomochain2019:loyalty,
    author = "TomoChain",
    year = "2019",
    month = "September",
    day = "5",
    title = "Loyalty Point on Blockchain â€” the right time has come!",
    url = "https://medium.com/tomochain/loyalty-point-on-blockchain-the-right-time-has-come-c3dae68c6e6d"
}
@article{tokenasia2019:loyalty,
    author = "TokenAsia",
    year = "2019",
    month = "April",
    day = "22",
    title = "About Blockchain Loyalty Program Today",
    url = "https://medium.com/tokenasia/5-things-everyone-need-to-know-about-blockchain-loyalty-program-today-be0b17a88b76"
}


