@article{cointelegraph20200523:icodeath,
  author = {Kollen Post},
  title = {The Death of the {ICO}: Has the {US} {SEC} Closed the Global Window on New Tokens?},
  year = {2020},
  month = {May},
  day = {23},
  journal = {Cointelegraph},
  url = {https://cointelegraph.com/news/the-death-of-the-ico-has-the-us-sec-closed-the-global-window-on-new-tokens}
}
@misc{cryptorank202011:ieo-roi,
  author = {Cryptorank},
  title = {Average {IEO} returns by exchange platforms},
  year = {2020},
  month = {Novembre},
  day = {9},
  url = {https://cryptorank.io/ieo-platforms-roi}
}
@misc{pwc2020:ico,
  author = {{pwc}},
  title = {6th ICO/STO report},
  year = {2020},
  url = {https://www.pwc.com/ee/et/publications/pub/Strategy&_ICO_STO_Study_Version_Spring_2020.pdf}
}
