@misc{intel2014:FLOSS,
	author = "Intel",
	title = "Open Source Basics",
	year = "2014",
	url = "https://www.youtube.com/watch?v=Tyd0FO0tko8"
}
@misc{eghbal2016,
	author = "Nadia Eghbal",
	title = "Roads and Bridges: The Unseen Labor Behind Our Digital Infrastructure",
	year = "2016",
	month = "July",
	day = "14",
	url = "https://www.fordfoundation.org/library/reports-and-studies/roads-and-bridges-the-unseen-labor-behind-our-digital-infrastructure/"
}
@mic{eghbal:funding,
	author = "Nadia Eghbal",
	title = "A handy guide to financial support for open source",
	year = "2018",
	url = "https://github.com/nayafia/lemonade-stand"
}
@misc{dicosmo:achieving-impact,
	author = "Roberto {Di Cosmo}",
	title = "Achieving Impact with Open Source Software",
	year = "2015",
	url = "https://www.slideshare.net/robertodicosmo3/achieving-impact-with-open-source-software"
}
@misc{colliderx,
	author = {{ColliderX}},
	year = "2018",
	url = "https://www.collider-x.org"
}
@article{valkenburgh2017:oss-and-crypto,
	author = {{Peter Van Valkenburgh}},
	year = "2017",
	month = {October},
	day = {17},
	title = {What is “open source” and why is it important for cryptocurrency and open blockchain projects?},
	journal = "Coincenter",
	url = "https://coincenter.org/entry/what-is-open-source-and-why-is-it-important-for-cryptocurrency-and-open-blockchain-projects"
}
@book{raymond2001,
	author = {Eric Raymond},
	year = {2001},
	publisher = {O'Reilly},
	title = {The {C}athedral \& the {B}azaar}
}
@misc{worldbank,
	author = {{World Bank}},
	title = {{World GDP per capita}},
	year = "2017",
	url = "http://data.worldbank.org/indicator/NY.GDP.PCAP.CD?end=2015&start=1960"
}
@book{schwab2016,
	author = "Klaus Schwab",
	title = "The Fourth Industrial Revolution",
	publisher = "World Economic Forum",
	year = "2016",
	address = "Geneva"
}
@misc{ciscoVAT2013,
	author = "Cisco",
	title = "Internet of {E}verything {V}alue at {S}take for {C}anada",
	year = "2013",
	url = "http://ioeassessment.cisco.com/explore/full#/country/can"
}
@misc{aitam,
	author = "{Transparency Market Research}",
	title = "Artificial Intelligence Market to Reach US\$ 3,061.35 bn by 2024",
	year = "2016",
	month = "March",
	day = "7",
	url = "https://www.prnewswire.com/news-releases/artificial-intelligence-market-to-reach-us-306135-bn-by-2024-deployment-in-disruptive-technologies-drives-growth-transparency-market-research-571268401.html"
}
@misc{blockchaintam,
	author = "{Transparency Market Research}",
	title = "Worldwide Blockchain Technology Market is Anticipated to Exhibit a CAGR of 58.7\% Between 2016 and 2024",
	year = "2017",
	month = "January",
	day = "18",
	url = "https://www.prnewswire.com/news-releases/worldwide-blockchain-technology-market-is-anticipated-to-exhibit-a-cagr-of-587-between-2016-and-2024-elimination-of-third-parties-improves-demand-and-security-of-online-transactions--tmr-611067345.html"
}
@inbook{rms02:freedombook,
	author = "Sam Williams",
	title = "For {Want} of a {Printer}",
	booktitle = {Free as in {Freedom} --{Richard} {Stallman}'s {C}rusade for {Free} {Software}},
	publisher ="O'Reilly",
	year = "2002",
	url ="https://www.oreilly.com/openbook/freedom/ch01.html"
}
@inbook{rms10:freedombook,
	author = "Sam Williams and Richard Stallman",
	title = "For {Want} of a {Printer}",
	booktitle = {Free as in {F}reedom --{Richard} {Stallman}'s {Crusade} for {Free} {Software} (2.0)},
	publisher ="O'Reilly",
	year = "2010",
	url ="https://shop.fsf.org/books/free-freedom-20-richard-stallman"
		% https://www.amazon.com/Free-Freedom-2-0-Sam-Williams/dp/0983159211
}
@misc{uscourtappealfedcirc18:oraclejava,
	author = "{{US Court of Appeal for the Federal Circuit}}",
	title = "Oracle vs. {Google}",
	year = "2018",
	month = "March",
	day = "27",
	url = "http://www.cafc.uscourts.gov/sites/default/files/opinions-orders/17-1118.Opinion.3-26-2018.1.PDF"
}
@misc{androidlicense,
	author = "Google",
	title = "{A}ndroid {License}",
	url = "https://developer.android.com/license"
}
@article{wikipedia:oraclevsjava,
	author = "Wikipedia",
	title = "{O}racle {America}, {Inc.} v. {Google}, {Inc.}",
	url ="https://en.wikipedia.org/wiki/Oracle_America,_Inc._v._Google,_Inc."
}
@article{eff17:ai,
	author = "{{E}lectronic {F}rontier {F}oundation}",
	year = "2017",
	month = "September",
	day = "29",
	title = "Stupid Patent of the Month: Will Patents Slow Artificial Intelligence?",
	url = "https://www.eff.org/deeplinks/2017/09/stupid-patent-month-will-patents-slow-artificial-intelligence"
}
@misc{teslapatentstmt,
	author = "Elon Musk",
	title = "{A}ll {O}ur {P}atent {A}re {B}elong {T}o {Y}ou",
	year = "2014",
	day = "12",
	month = "June",
	url = "https://www.tesla.com/en_CA/blog/all-our-patent-are-belong-you"
}

@article{chinesecourt2018,
	author = "Richard Brunner",
	title = "Chinese court is first to accept blockchain as means of evidence",
	year = "2018",
	month = "July",
	day = "27",
	url = "http://blog.dennemeyer.com/chinese-court-is-first-to-accept-blockchain-as-means-of-evidence"
}
@misc{mikegoldin2018:tcrprezi,
	author = "Mike Goldin",
	title = "{TCRs} in 2018",
	year = "2018",
% accessible within ConsenSys only at this time: https://docs.google.com/presentation/d/1_vTtOoGNQZUr9Zw3b5aPFLSHRy0DirObIVbgILkaBzY/edit#slide=id.p
}

@misc{intel2014:FLOSS,
	author = "Intel",
	title = "Open {Source} {Basics}",
	year = "2014",
	url = "https://www.youtube.com/watch?v=Tyd0FO0tko8"
}
@misc{eghbal2016,
	author = "Nadia Eghbal",
	title = "Roads and Bridges: The Unseen Labor Behind Our Digital Infrastructure",
	year = "2016",
	month = "July",
	day = "14",
	url = "https://www.fordfoundation.org/library/reports-and-studies/roads-and-bridges-the-unseen-labor-behind-our-digital-infrastructure/"
}
@mic{eghbal:funding,
	author = "Nadia Eghbal",
	title = "A handy guide to financial support for open source",
	year = "2018",
	url = "https://github.com/nayafia/lemonade-stand"
}
@misc{dicosmo:achieving-impact,
	author = "Roberto {Di Cosmo}",
	title = "Achieving Impact with Open Source Software",
	year = "2015",
	url = "https://www.slideshare.net/robertodicosmo3/achieving-impact-with-open-source-software"
}
@misc{colliderx,
	author = {{ColliderX}},
	year = "2018",
	url = "https://www.collider-x.org"
}
@article{valkenburgh2017:oss-and-crypto,
	author = {{Peter Van Valkenburgh}},
	year = "2017",
	month = {October},
	day = {17},
	title = {What is “open source” and why is it important for cryptocurrency and open blockchain projects?},
	journal = "Coincenter",
	url = "https://coincenter.org/entry/what-is-open-source-and-why-is-it-important-for-cryptocurrency-and-open-blockchain-projects"
}
@book{raymond2001,
	author = {Eric Raymond},
	year = {2001},
	publisher = {O'Reilly},
	title = {The {C}athedral \& the {B}azaar}
}
@misc{worldbank,
	author = {{World Bank}},
	title = {{World GDP per capita}},
	year = "2017",
	url = "http://data.worldbank.org/indicator/NY.GDP.PCAP.CD?end=2015&start=1960"
}
@book{schwab2016,
	author = "Klaus Schwab",
	title = "The Fourth Industrial Revolution",
	publisher = "World Economic Forum",
	year = "2016",
	address = "Geneva"
}
@misc{ciscoVAT2013,
	author = "Cisco",
	title = "Internet of {E}verything {V}alue at {S}take for {C}anada",
	year = "2013",
	url = "http://ioeassessment.cisco.com/explore/full#/country/can"
}
@misc{aitam,
	author = "{Transparency Market Research}",
	title = "Artificial Intelligence Market to Reach US\$ 3,061.35 bn by 2024",
	year = "2016",
	month = "March",
	day = "7",
	url = "https://www.prnewswire.com/news-releases/artificial-intelligence-market-to-reach-us-306135-bn-by-2024-deployment-in-disruptive-technologies-drives-growth-transparency-market-research-571268401.html"
}
@misc{blockchaintam,
	author = "{Transparency Market Research}",
	title = "Worldwide Blockchain Technology Market is Anticipated to Exhibit a CAGR of 58.7\% Between 2016 and 2024",
	year = "2017",
	month = "January",
	day = "18",
	url = "https://www.prnewswire.com/news-releases/worldwide-blockchain-technology-market-is-anticipated-to-exhibit-a-cagr-of-587-between-2016-and-2024-elimination-of-third-parties-improves-demand-and-security-of-online-transactions--tmr-611067345.html"
}



