@misc{wef-accenture201906,
    author={{World Economic Forum}},
    year = "2019",
    month = "July",
    url = "http://www3.weforum.org/docs/WEF_Building_Value_with_Blockchain.pdf",
    title = "Building Value with Blockchain Technology: How to Evaluate Blockchainâ€™s Benefits"
}
@misc{idc2018:spendingforecast,
    author = {{IDC}},
    title = "Worldwide Spending on Blockchain Forecast to Reach \$11.7 Billion in 2022, According to New IDC Spending Guide",
    date = "2018-07-19",
    url = "https://www.idc.com/getdoc.jsp?containerId=prUS44150518"
}

