@misc{coindesk:eth-price,
    author = {{Coindesk}},
    title = {{Ethereum (ETH) Price}},
    year = {2017},
    url = "https://www.coindesk.com/ethereum-price/"
}
@article{afri:chaindatasize,
    author = {Afri},
    title = "The {E}thereum-blockchain size will not exceed 1{TB} anytime soon",
    year = {2017},
    month = {December},
    day = {17},
    url = "https://dev.to/5chdn/the-ethereum-blockchain-size-will-not-exceed-1tb-anytime-soon-58a"
}
@misc{daniel:chaindatasize,
    author = {Daniel},
    year = {2017},
    month = {December},
    url = "http://bc.daniel.net.nz"
}
@misc{etherscan:chaindatasize,
    author = {Etherscan},
    title = {Ethereum {C}hain{D}ata {S}ize ({G}eth with fast sync)},
    year = {2017},
    month = {December},
    url = "https://etherscan.io/chart2/chaindatasizefast"
}
@misc{reddit:chaindatasize,
    author = {Reddit},
    title = {Ethereum Blockchain Size...we have a problem},
    year = {2017},
    month = {November},
    url = "https://www.reddit.com/r/ethtrader/comments/7axn5g/ethereum_blockchain_sizewe_have_a_problem/"
}
@misc{cryptocanon,
	author = {Sonal Chokshi, Chris Dixon, Denis Nazarov, Jesse Walden, and Ali Yahya},
	year = {2018},
	month = {February},
	title = {Crypto {C}anon},
	url = {https://a16z.com/2018/02/10/crypto-readings-resources/}
}
@book{casey2018:truth,
	author = "Paul Vigna and Michael J. Casey",
	title = "The {T}ruth {M}achine: The {B}lockchain and the Future of Everything",
	publisher = "St. Martin's Press",
	year = "2018",
	edition = "1"
}
@book{mougayar:business,
	author = "William Mougayar",
	title = "The Business Blockchain: Promise, Practice, and Application of the Next Internet Technology",
	publisher = "Wiley",
	year = "2016",
	edition = "1"
}
@article{satoshi:bitcoin-paper,
	author = "Satoshi Nakamoto",
	title ="Bitcoin: A Peer-to-Peer Electronic Cash System",
	date = "2008",
	url = "https://bitcoin.org/bitcoin.pdf"
}
@article{buterin:ethereum-paper,
	author = "Vitalik Buterin",
	title ="A Next-Generation Smart Contract and Decentralized Application Platform",
	date = "2013",
	url = "https://github.com/ethereum/wiki/wiki/White-Paper"
}
@article{wood:ethereum-yellow-paper,
	author = "Gavin Wood",
	title ="Ethereum: A secure decentralised generalised transaction ledger",
	date = "2014-04",
	url = "https://ethereum.github.io/yellowpaper/paper.pdf"
}
@article{ruff:id-types,
	author = "Timothy Ruff",
	title ="The Three Models of Digital Identity Relationships",
	date = "2018-04-24",
	url = "https://medium.com/evernym/the-three-models-of-digital-identity-relationships-ca0727cb5186"
}
@article{rwot2-id2020-path-to-ssi,
	author = {{Web of Trust}},
	title ="The Path to {S}elf-{S}overeign {I}dentity",
	date = "2016-04-26",
	url = "https://github.com/WebOfTrustInfo/rwot2-id2020/blob/master/topics-and-advance-readings/the-path-to-self-sovereign-identity.md#the-evolution-of-identity"
}
@misc{ssimeetup201902:atb-slides,
	author = "Mike Brown",
	title = "A banking approach to decentralized identity and building a credential ecosystem",
	year = "2019",
	month = "January",
	url = "https://www.slideshare.net/SSIMeetup/a-banking-approach-to-decentralized-identity-and-building-a-credential-ecosystem-mike-brown"
}
@article{uport201801:standards,
	author = {Pelle Braendgaard},
	title ="Different Approaches to {E}thereum Identity Standards",
	date = "2018-01-24",
	url = "https://medium.com/uport/different-approaches-to-ethereum-identity-standards-a09488347c87"
}
@article{terbu2019:ssi-stack,
	author = {Oliver Terbu},
	title ="The {S}elf-{S}overeign {I}dentity Stack",
	date = "2019-01-27",
	url = "https://medium.com/decentralized-identity/the-self-sovereign-identity-stack-8a2cc95f2d45"
}
@misc{sovrin-white-paper,
	author = {{The Sovrin Foundation}},
	title = "Sovrinâ„¢: A Protocol and Token for {S}elf-{S}overeign {I}dentity and Decentralized Trust",
	date = "2018-01",
	url = "https://sovrin.org/wp-content/uploads/Sovrin-Protocol-and-Token-White-Paper.pdf"
}
@article{nawfal2019:uport-bike,
	author = {Alice Nawfal},
	title ="Zug residents can now ride e-bikes using their u{P}ort-powered {Z}ug {D}igital {ID}s",
	date = "2018-11-14",
	url = "https://medium.com/uport/zug-residents-can-now-ride-e-bikes-using-their-uport-powered-zug-digital-ids-7ed31ac9d621"
}
@article{leighcuen20190513-ion,
	author = "Leigh Cuen",
	title = "Microsoft Launches Decentralized Identity Tool on Bitcoin Blockchain",
	date = "2019-05-13",
	url = "https://www.coindesk.com/microsoft-launches-decentralized-identity-tool-on-bitcoin-blockchain"
}
@misc{cleong2019:idimportant,
	author = "Christine Leong",
	title = "Blockchain and Identity the impact of the technology on the Botton Billion",
	url = "https://isoc.live/date/2019/06/",
	date = "2019-06-10"
}

