@misc{worldbank,
	author = {{World Bank}},
	title = {{World GDP per capita}},
	year = "2017",
	url = "http://data.worldbank.org/indicator/NY.GDP.PCAP.CD?end=2015&start=1960"
}
@book{schwab2016,
	author = "Klaus Schwab",
	title = "The Fourth Industrial Revolution",
	publisher = "World Economic Forum",
	year = "2016",
	address = "Geneva"
}
@misc{ciscoVAT2013,
	author = "Cisco",
	title = "Internet of {E}verything {V}alue at {S}take for {C}anada",
	year = "2013",
	url = "http://ioeassessment.cisco.com/explore/full#/country/can"
}
@misc{aitam,
	author = "{Transparency Market Research}",
	title = "Artificial Intelligence Market to Reach US\$ 3,061.35 bn by 2024",
	year = "2016",
	month = "March",
	day = "7",
	url = "https://www.prnewswire.com/news-releases/artificial-intelligence-market-to-reach-us-306135-bn-by-2024-deployment-in-disruptive-technologies-drives-growth-transparency-market-research-571268401.html"
}
@misc{blockchaintam,
	author = "{Transparency Market Research}",
	title = "Worldwide Blockchain Technology Market is Anticipated to Exhibit a CAGR of 58.7\% Between 2016 and 2024",
	year = "2017",
	month = "January",
	day = "18",
	url = "https://www.prnewswire.com/news-releases/worldwide-blockchain-technology-market-is-anticipated-to-exhibit-a-cagr-of-587-between-2016-and-2024-elimination-of-third-parties-improves-demand-and-security-of-online-transactions--tmr-611067345.html"
}


