@book{schwab2016,
	author = "Klaus Schwab",
	title = "The Fourth Industrial Revolution",
	publisher = "World Economic Forum",
	year = "2016",
	address = "Geneva"
}
@misc{ciscoVAT2013,
	author = "Cisco",
	title = "Internet of {E}verything {V}alue at {S}take for {C}anada",
	year = "2013",
	url = "http://ioeassessment.cisco.com/explore/full#/country/can"
}

